%%% =========================================================
%%% BibTeX-file{
%%%     author          = "Author",
%%%     version         = "1.00",
%%%     date            = "15 April 2021",
%%%     filename        = "refs.bib",
%%%     address         = "University",
%%%     telephone       = "",
%%%     FAX             = "",
%%%     checksum        = ""
%%%     email           = "",
%%%     codetable       = "ISO/ASCII",
%%%     keywords        = "geogebra",
%%%     supported       = "yes",
%%%     docstring       = "BibTeX bibliography for the article
%%%                        \cite{author-year}:
%%%                        TITLE"
%%%     }
%%% =========================================================
%%% The URL (Uniform Resource Locator) of this file is
%%%


